@book{algebraqiuup,
  author         = {丘维声编著},
  publisher      = {北京：清华大学出版社},
  title          = {高等代数学习指导书 第2版 上},
  year           = {2017.12},
  isbn           = {978-7-302-48367-0}
}

@book{algebraqiudown,
  author         = {丘维声编著},
  publisher      = {北京：清华大学出版社},
  title          = {高等代数学习指导书 下},
  year           = {2016.08},
  isbn           = {978-7-302-44604-0}
}

@book{xieup,
  author         = {谢惠民，恽自求，易法槐，钱定边编},
  publisher      = {北京：高等教育出版社},
  title          = {数学分析习题课讲义 上 第2版},
  year           = {2018.11},
  isbn           = {978-7-04-049851-6}
}

@book{xiedown,
  author         = {谢惠民，恽自求，易法槐，钱定边编},
  publisher      = {北京：高等教育出版社},
  title          = {数学分析习题课讲义 下},
  year           = {2019.03},
  isbn           = {978-7-04-051152-9}
}

@book{pei,
  author         = {裴礼文编},
  publisher      = {高等教育出版社有限公司},
  title          = {数学分析中的典型问题与方法},
  year           = {2019.01},
  isbn           = {978-7-04-051151-2}
}

@book{wanglin,
  author         = {汪林著},
  publisher      = {北京：高等教育出版社},
  title          = {数学分析中的问题和反例},
  year           = {2015.11},
  isbn           = {978-7-04-043913-7}
}

@article{en3,
  title={{The Mechanism and Effectiveness of Credit Scoring of P2P Lending Platform: Evidence from Renrendai.com}},
  author={Li, Qiang and Chen, Liwen and Zeng, Yong},
  journal={China Finance Review International},
  volume={8},
  number={3},
  pages={256--274},
  year={2018},
  publisher={Emerald Publishing Limited}
}


@article{en2,
   author = {Carlstrom, Charles T and Fuerst, Timothy S},
   title = {{Agency Costs, Net Worth, and Business Fluctuations: A Computable General Equilibrium Analysis}},
   journal = {The American Economic Review},
   pages = {893-910},
   ISSN = {0002-8282},
   year = {1997},
   type = {Journal Article}
}

@article{en1,
   author = {Quadrini, Vincenzo},
   title = {{Financial Frictions in Macroeconomic Fluctuations}},
   journal = {FRB Richmond Economic Quarterly},
   volume = {97},
   number = {3},
   pages = {209-254},
   year = {2011},
   type = {Journal Article}
}

@article{cn1,
   author = {方军雄},
   key = {fang1 jun1 xiong2},
   title = {{所有制、制度环境与信贷资金配置}},
   journal = {经济研究},
   number = {12},
   pages = {82-92},
   ISSN = {0577-9154},
   year = {2007},
   type = {Journal Article}
}

@article{cn2,
   author = {刘凤良 and 章潇萌 and 于泽},
   key = {liu2 feng4 liang2 zhang1 xiao1 meng2 yu2 ze2},
   title = {{高投资、结构失衡与价格指数二元分化}},
   journal = {金融研究},
   number = {02},
   pages = {54-69},
   ISSN = {1002-7246},
   year = {2017},
   type = {Journal Article}
}

@article{cn3,
   author = {吕捷 and 王高望},
   key = {lv3 jie2 wang2 gao1 wang4},
   title = {{CPI 与 PPI “背离”的结构性解释}},
   journal = {经济研究},
   volume = {50},
   number = {04},
   pages = {136-149},
   ISSN = {0577-9154},
   year = {2015},
   type = {Journal Article}
}

